% TIPS
% En caso de error Unicode char (U+301) -> borrar los "\" previos a las "i" en las bibliografías
% Si el error persiste reemplazar los códigos especiales de todas las letras ej: "{\'o}" por el equivalente utf8 ej: "ó"
% En caso de que una referencia no salga con el nombre completo del autor que se desea, en ves de utilizar espacio con la barra espaciadora, utilizar el simbolo ~, es decir: Pepito Ortega, esto sería: Pepito~Ortega. 

%------------------------
%
%       BIBLIOGRAFÍA
%
%------------------------

@article{sankaranarayanan2008object,
  author={Sankaranarayanan, Aswin C and Veeraraghavan, Ashok and Chellappa, Rama},
  title={Object detection, tracking and recognition for multiple smart cameras},
  journal={Proceedings of the IEEE},
  volume={96},
  number={10},
  pages={1606--1624},
  year={2008},
  publisher={IEEE}
  }
  
@misc{BMVA:Online,
author = {BMVA},
title = {The British Machine Vision Association and Society for Pattern Recognition},
year = {2017},
howpublished = "url{http://www.bmva.org/visionoverview}",
urldate = {21-10-2017}
}

@article{barrero2015algoritmo,
  title={Algoritmo de navegaci{\'o}n a bordo en ambientes controlados a partir de procesamiento de im{\'a}genes},
  author={Barrero, Andr{\'e}s and Robayo, Mario and Jacinto, Edwar},
  journal={Tekhn{\^e}},
  volume={12},
  number={2},
  pages={23--34},
  year={2015}
}

@article{AutonomousTurret,
  title={Autonomous Turret},
  author={Colon, Hector and Horton, Adam and Steighner, Kyle and Yielding, Nicholas},
  journal={EE4914 Group},
  volume={17},
  year={2010}
}

@inproceedings{lienhart2003detector,
  title={A detector tree of boosted classifiers for real-time object detection and tracking},
  author={Lienhart, Rainer and Liang, Luhong and Kuranov, Alexander},
  booktitle={Multimedia and Expo, 2003. ICME'03. Proceedings. 2003 International Conference on},
  volume={2},
  pages={II--277},
  year={2003},
  organization={IEEE}
}

@article{barrero2015algoritmo,
  title={Algoritmo de navegaci{\'o}n a bordo en ambientes controlados a partir de procesamiento de im{\'a}genes},
  author={Barrero, Andr{\'e}s and Robayo, Mario and Jacinto, Edwar},
  journal={Tekhn{\^e}},
  volume={12},
  number={2},
  pages={23--34},
  year={2015}
}

@inproceedings{estevez2016automatic,
  title={Automatic identification of a playing card through kNN using a Raspberry Pi 3},
  author={Est{\'e}vez, Juan Daniel and Ortega, Holger and Tufi{\~n}o, Rodrigo},
  booktitle={Int. Conf. Inf. Syst. Comput. Sci},
  pages={239--245},
  year={2016}
}

@article{zhang1993automatic,
  title={Automatic partitioning of full-motion video},
  author={Zhang, HongJiang and Kankanhalli, Atreyi and Smoliar, Stephen W},
  journal={Multimedia systems},
  volume={1},
  number={1},
  pages={10--28},
  year={1993},
  publisher={Springer}
}

@inproceedings{fieguth1997color,
  title={Color-based tracking of heads and other mobile objects at video frame rates},
  author={Fieguth, Paul and Terzopoulos, Demetri},
  booktitle={Computer Vision and Pattern Recognition, 1997. Proceedings., 1997 IEEE Computer Society Conference on},
  pages={21--27},
  year={1997},
  organization={IEEE}
}

@article{yilmaz2004contour,
  title={Contour-based object tracking with occlusion handling in video acquired using mobile cameras},
  author={Yilmaz, Alper and Li, Xin and Shah, Mubarak},
  journal={IEEE transactions on pattern analysis and machine intelligence},
  volume={26},
  number={11},
  pages={1531--1536},
  year={2004},
  publisher={IEEE}
}

@inproceedings{torralba2005contextual,
  title={Contextual models for object detection using boosted random fields},
  author={Torralba, Antonio and Murphy, Kevin P and Freeman, William T},
  booktitle={Advances in neural information processing systems},
  pages={1401--1408},
  year={2005}
}

@article{perez2016deteccion,
  title={Detecci{\'o}n y seguimiento de objetos por colores en una plataforma Raspberry Pi},
  author={P{\'e}rez Gonz{\'a}lez, Carlos},
  year={2016},
  publisher={Industriales}
}

@mastersthesis{espinosa2016diseno,
  title={Dise{\~n}o e implementaci{\'o}n de un sistema de seguridad y alerta para veh{\'\i}culos, basado en reconocimiento facial y localizaci{\'o}n GPS, en una Raspberry Pi B plus},
  author={Espinosa Peralta, Henry Pa{\'u}l},
  type={{B.S.} thesis},
  year={2016},
  school={Quito, 2016.}
}

@mastersthesis{gallardo2016diseno,
  title={Dise{\~n}o y construcci{\'o}n de un sistema de autentificaci{\'o}n con reconocimiento facial mediante procesamiento de im{\'a}genes con la utilizaci{\'o}n de software libre y tecnolog{\'\i}a Raspberry Pi.},
  author={Gallardo Calvopi{\~n}a, Edison Saul and S{\'a}nchez Quevedo, Edison Xavier},
  type={{B.S.} thesis},
  year={2016},
  school={Universidad de las Fuerzas Armadas ESPE Extensi{\'o}n Latacunga. Carrera de Ingenier{\'\i}a en Electr{\'o}nica e Instrumentaci{\'o}n.}
}

@techreport{carroll2002extending,
  title={Extending mobile security robots to force protection missions},
  author={Carroll, Daniel and Everett, HR and Gilbreath, Gary and Mullens, Katherine},
  year={2002},
  institution={SPACE AND NAVAL WARFARE SYSTEMS CENTER SAN DIEGO CA}
}

@inproceedings{rougier2007fall,
  title={Fall detection from human shape and motion history using video surveillance},
  author={Rougier, Caroline and Meunier, Jean and St-Arnaud, Alain and Rousseau, Jacqueline},
  booktitle={Advanced Information Networking and Applications Workshops, 2007, AINAW'07. 21st International Conference on},
  volume={2},
  pages={875--880},
  year={2007},
  organization={IEEE}
}

@article{kim2002fast,
  title={Fast and automatic video object segmentation and tracking for content-based applications},
  author={Kim, Changick and Hwang, Jenq-Neng},
  journal={IEEE transactions on circuits and systems for video technology},
  volume={12},
  number={2},
  pages={122--129},
  year={2002},
  publisher={IEEE}
}

@article{aragonimage,
  title={Image processing and programing for collecting strawberries},
  author={Arag{\'o}n, Carlos Javier Enciso and Suesc{\'u}n, C{\'e}sar Giovany Pach{\'o}n and Benavides, Juli{\'a}n Esteban Herrera and G{\'o}mez, Jennifer Paola Corredor}
}

@article{arevalo2015implementacion,
  title={Implementaci{\'o}n de reconocimiento de objetos por color y forma en un robot m{\'o}vil.},
  author={Ar{\'e}valo-V{\'a}zquez, Efra{\'\i}n Ernesto and Z{\'u}niga-L{\'o}pez, Arturo and Villegas-Cortez, Juan and Avil{\'e}s-Cruz, Carlos},
  journal={Research in Computing Science},
  volume={91},
  pages={21--31},
  year={2015}
}

@article{ganesh2016iot,
  title={IOT Based Grid Eye Thermal Mapping Gun Security System for Defence Applications},
  author={Ganesh, EN},
  journal={Asian Journal of Science and Applied Technology},
  volume={5},
  number={2},
  pages={15--18},
  year={2016}
}

@article{nisso2017medicion,
  title={Medici{\'o}n de eficiencia de algoritmos de visi{\'o}n artificial implementados en raspberry pi y ordenador personal mediante python-Efficiency Measurement Machine Artificial Vision Algorithms Imple-mented in Raspberry Pi and Personal Computer Using Python},
  author={Nisso, Gloria Andrea Cavanzo and Pereira, Miguel Ricardo P{\'e}rez and Buitrago, Fabi{\'a}n Villavisan},
  journal={Ingenium Revista de la facultad de ingenier{\'\i}a},
  volume={18},
  number={35},
  pages={105--119},
  year={2017}
}

@misc{wyn2003motion,
  title={Motion detection camera},
  author={Wyn-Harris, Jeremy and Hooker, Stephen},
  year={2003},
  month=jun # "~12",
  publisher={Google Patents},
  note={US Patent App. 10/459,500}
}

@inproceedings{lipton1998moving,
  title={Moving target classification and tracking from real-time video},
  author={Lipton, Alan J and Fujiyoshi, Hironobu and Patil, Raju S},
  booktitle={Applications of Computer Vision, 1998. WACV'98. Proceedings., Fourth IEEE Workshop on},
  pages={8--14},
  year={1998},
  organization={IEEE}
}

@article{sankaranarayanan2008object,
  title={Object detection, tracking and recognition for multiple smart cameras},
  author={Sankaranarayanan, Aswin C and Veeraraghavan, Ashok and Chellappa, Rama},
  journal={Proceedings of the IEEE},
  volume={96},
  number={10},
  pages={1606--1624},
  year={2008},
  publisher={IEEE}
}

@mastersthesis{gordillo2016procesamiento,
  title={Procesamiento de im{\'a}genes usando Raspberry PI},
  author={Gordillo Gordillo, Ver{\'o}nica Raquel and Coello, Nacimba and Francisco, Carlos},
  type={{B.S.} thesis},
  year={2016},
  school={Quito: Universidad de las Am{\'e}ricas, 2016.}
}

@article{viera2017procesamiento,
  title={Procesamiento de im{\'a}genes usando OpenCV aplicado en Raspberry Pi para la clasificaci{\'o}n del cacao},
  author={Viera Maza, Gabriela Isamar},
  year={2017},
  publisher={Universidad de Piura. Facultad de Ingenier{\'\i}a. Departamento de Ingenier{\'\i}a Mec{\'a}nica El{\'e}ctrica. Electr{\'o}nica y Automatizaci{\'o}n}
}

@inproceedings{viola2001rapid,
  title={Rapid object detection using a boosted cascade of simple features},
  author={Viola, Paul and Jones, Michael},
  booktitle={Computer Vision and Pattern Recognition, 2001. CVPR 2001. Proceedings of the 2001 IEEE Computer Society Conference on},
  volume={1},
  pages={I--I},
  year={2001},
  organization={IEEE}
}

@mastersthesis{garcia2016reconocimiento,
  title={Reconocimiento de color y posici{\'o}n con un sensor Kinect para aplicaci{\'o}n de rob{\'o}tica m{\'o}vil},
  author={Garc{\'\i}a Preciado, Paola Andrea and Gonz{\'a}lez Forero, Sergio Nicol{\'a}s},
  type={{B.S.} thesis},
  year={2016}
}

@article{rommel1990red,
  title={Red raspberry juice and wine: effect of processing and storage on anthocyanin pigment composition, color and appearance},
  author={Rommel, A and Heatherbell, DA and Wrolstad, RE},
  journal={Journal of Food Science},
  volume={55},
  number={4},
  pages={1011--1017},
  year={1990},
  publisher={Wiley Online Library}
}

@inproceedings{girshick2014rich,
  title={Rich feature hierarchies for accurate object detection and semantic segmentation},
  author={Girshick, Ross and Donahue, Jeff and Darrell, Trevor and Malik, Jitendra},
  booktitle={Proceedings of the IEEE conference on computer vision and pattern recognition},
  pages={580--587},
  year={2014}
}

@article{sandoval2015sistema,
  title={Sistema de Autenticaci{\'o}n Facial mediante la Implementaci{\'o}n del algoritmo PCA modificado en Sistemas embebidos con arquitectura ARM},
  author={Sandoval, Andr{\'e}s Ernesto L{\'o}pez and Mendoza, Cyntia and Mart{\'\i}nez, Luis {\'A}ngel Reyes Cruz and Rivas, Edgar Alejandro and Araiza, Juan Manuel Ramos Arregu{\'\i}n and Carlos, Jes{\'u}s and Ortega, Pedraza},
  journal={La Mecatr{\'o}nica en M{\'e}xico},
  volume={4},
  pages={53--64},
  year={2015}
}

@article{lora2015sistema,
  title={Sistema de Seguridad Basado en una Plataforma Heterog{\'e}nea Distribuida},
  author={Lora, Diana and Cerro, Pablo and Barrio Garc{\'\i}a, Alberto A del and Botella Juan, Guillermo},
  year={2015},
  publisher={Universidad de Granada. Departamento de Arquitectura y Tecnolog{\'\i}a de Computadores}
}

@article{ruiz2017sistema,
  title={Sistema de visi{\'o}n artificial para la identificaci{\'o}n de objetos mediante c{\'o}digos QR en sistemas automatizados de almacenamiento y recuperaci{\'o}n (ASRS)},
  author={Ruiz Montoya, Andr{\'e}s Felipe},
  year={2017},
  publisher={Ingenierias}
}

@inproceedings{robinson2016sistema,
  title={Sistema de vision de m{\'a}quina para seguridad electronica m{\'o}vil},
  author={Robinson, Jimenez M and Beltran, Cristhian and Barrios, Camila},
  booktitle={Biennial Congress of Argentina (ARGENCON), 2016 IEEE},
  pages={1--4},
  year={2016},
  organization={IEEE}
}

@article{torrescusasistema,
  title={Sistema de visi{\'o} de baix cost basat en Raspberry Pi},
  author={Torrescusa Rubio, Daniel and Lumbreras Ru{\'\i}z, Felipe}
}

@article{weng2006video,
  title={Video object tracking using adaptive Kalman filter},
  author={Weng, Shiuh-Ku and Kuo, Chung-Ming and Tu, Shu-Kang},
  journal={Journal of Visual Communication and Image Representation},
  volume={17},
  number={6},
  pages={1190--1208},
  year={2006},
  publisher={Elsevier}
}




@article{king2011autonomous,
  title={Autonomous Targeting Sentry (ATS)},
  author={King, Ethan and O’Hara, Daniel and Rodriguez, Stephen and Van Gostein, James},
  year={2011}
}

@mastersthesis{monton2014control,
  title={Control de un robot mediante Raspberry Pi},
  author={Mont{\'o}n Cuartero, Alberto},
  type={{B.S.} thesis},
  year={2014},
  school={Universitat Polit{\`e}cnica de Catalunya}
}

@inproceedings{ahmad2016design,
  title={Design and manufacturing of a low-cost 2-DOF autonomous sentry gun},
  author={Ahmad, Husnain and Ali, Syed Mohsin and Sheikh, Usman Ayub and Murtaza, Zain and Rizwan, Muhammad},
  booktitle={Robotics and Artificial Intelligence (ICRAI), 2016 2nd International Conference on},
  pages={196--201},
  year={2016},
  organization={IEEE}
}

@inproceedings{budiharto2014design,
  title={Design of tracked robot with remote control for surveillance},
  author={Budiharto, Widodo},
  booktitle={Advanced Mechatronic Systems (ICAMechS), 2014 International Conference on},
  pages={342--346},
  year={2014},
  organization={IEEE}
}

@phdthesis{fernandez2016diseno,
  title={Dise{\~n}o, construcci{\'o}n y control de un robot manipulador de 3 grados de libertad de bajo coste para el desarrollo de un manipulador m{\'o}vil.},
  author={FERN{\'A}NDEZ, ALBERTO GARC{\'I}A},
  year={2016}
}

@inproceedings{chaparro2014dynamics,
  title={Dynamics and Control of a 3SPS-1S Parallel Robot Used in Security Applications},
  author={Chaparro-Altamirano, Daniel and Zavala-Yoe, Ricardo and Ram{\i}rez-Mendoza, Ricardo},
  booktitle={21st International Symposium on Mathematical Theory of Networks and Systems, MTNS, Groningen, The Netherlands},
  year={2014}
}

@inproceedings{shue2012low,
  title={Low cost semi-autonomous sentry robot},
  author={Shue, Sam and Hargrove, Claude and Conrad, James},
  booktitle={Southeastcon, 2012 Proceedings of IEEE},
  pages={1--5},
  year={2012},
  organization={IEEE}
}

@article{chaudhariopencv,
  title={OPENCV based TRACKING and MANEUVERING VEHICLE (OTMV)},
  author={Chaudhari, Mrs Monali and Kadam, Amit and Thakkar, Dhairya and Vanjare, Gauresh and Shah, Malay and Mulani, Gaurav}
}

@article{raju2017patrolling,
  title={Patrolling System using Unmanned Ground Vehicle for War Field and Border Security},
  author={Raju, Anjali and Anusha, M and Sunil, K and Swathi, K and Ahmed, Kashif},
  journal={Asian Journal of Applied Science and Technology (AJAST)},
  volume={1},
  number={5},
  pages={17--21},
  year={2017}
}

@article{gagliardi2013remote,
  title={Remote/Autonomous Sentry Gun Platform},
  author={Gagliardi, Angelo and Gagliardi, Dante},
  year={2013}
}

@article{romero2011robotic,
  title={Robotic Turret},
  author={Romero, Daniel and Martelle, Matthew Matt and Mullens, Scott and Diamant, Rachel},
  year={2011}
}

@article{deardorfftest,
  title={TEST-BED DEVELOPMENT OF SHARED-MISSION AU-TONOMOUS GROUND/AERIAL DISSIMILAR SWARMING},
  author={Deardorff, Daniel F and Bryan, Cory J and Grenwalt, Mitchel R and Stienecker, Adam W}
}

@article{chowdhury2013access,
  title={Access Control of Door and Home Security by Raspberry Pi Through Internet},
  author={Chowdhury, Md Nasimuzzaman and Nooman, Md Shiblee and Sarker, Srijon},
  journal={Int. J. Sci. Eng. Res},
  volume={4},
  pages={550--558},
  year={2013}
}


@article{huang2011advanced,
  title={An advanced motion detection algorithm with video quality analysis for video surveillance systems},
  author={Huang, Shih-Chia},
  journal={IEEE transactions on circuits and systems for video technology},
  volume={21},
  number={1},
  pages={1--14},
  year={2011},
  publisher={IEEE}
}

@inproceedings{suryatali2015computer,
  title={Computer vision based vehicle detection for toll collection system using embedded Linux},
  author={Suryatali, Abhijeet and Dharmadhikari, VB},
  booktitle={Circuit, Power and Computing Technologies (ICCPCT), 2015 International Conference on},
  pages={1--7},
  year={2015},
  organization={IEEE}
}

@article{atoche9,
  title={9. RECONOCIMIENTO DE PATRONES},
  author={Atoche, Jos{\'e} R and Maga{\~n}a, Jorge B and Sandoval, Jes{\'u}s and Luj{\'a}n, Carlos A}
}

@article{delgado2017implementacion,
  title={Implementaci{\'o}n de un sistema de procesamiento de im{\'a}genes integrado con Raspberry PI 2B para reconocimiento y recolecci{\'o}n de fresas maduras},
  author={Delgado-Guti{\'e}rrez, Miguel Jos{\'e} and Herrera-Guill{\'e}n, Daniel Felipe and Medina-Barrag{\'a}n, Luisa Mar{\'\i}a and Corredor--G{\'o}mez, Jennifer Paola},
  journal={REVISTA POLIT{\'E}CNICA},
  volume={13},
  number={25},
  pages={75--85},
  year={2017}
}

@article{shilpashree2015implementation,
  title={Implementation of Image Processing on Raspberry Pi},
  author={Shilpashree, KS and Lokesha, H and Shivkumar, Hadimani},
  journal={International Journal of Advanced Research in Computer and Communication Engineering},
  volume={4},
  number={5},
  pages={199--202},
  year={2015},
  publisher={IJARCCE}
}

@inproceedings{pereira2014low,
  title={Low cost object sorting robotic arm using Raspberry Pi},
  author={Pereira, Viren and Fernandes, Vandyk Amsdem and Sequeira, Junieta},
  booktitle={Global Humanitarian Technology Conference-South Asia Satellite (GHTC-SAS), 2014 IEEE},
  pages={1--6},
  year={2014},
  organization={IEEE}
}

@inproceedings{nguyen2015low,
  title={Low cost real-time system monitoring using Raspberry Pi},
  author={Nguyen, Huu-Quoc and Loan, Ton Thi Kim and Mao, Bui Dinh and Huh, Eui-Nam},
  booktitle={Ubiquitous and Future Networks (ICUFN), 2015 Seventh International Conference on},
  pages={857--859},
  year={2015},
  organization={IEEE}
}

@inproceedings{abaya2014low,
  title={Low cost smart security camera with night vision capability using Raspberry Pi and OpenCV},
  author={Abaya, Wilson Feipeng and Basa, Jimmy and Sy, Michael and Abad, Alexander C and Dadios, Elmer P},
  booktitle={Humanoid, Nanotechnology, Information Technology, Communication and Control, Environment and Management (HNICEM), 2014 International Conference on},
  pages={1--6},
  year={2014},
  organization={IEEE}
}

@phdthesis{baggetto2017navegacion,
  title={Navegaci{\'o}n aut{\'o}noma mediante raspberry PI y la plataforma OpenCV},
  author={Baggetto, Alejandro Fuster},
  year={2017}
}

@article{vijayalaxmi2014object,
  title={Object Detection and Tracking using Image Processing},
  author={Vijayalaxmi, K Anjali and Srujana, B and Kumar, P Rohith},
  journal={Global Journal of Advanced Engineering Technologies},
  pages={113--115},
  year={2014}
}

@inproceedings{soetedjo2014raspberry,
  title={Raspberry Pi based laser spot detection},
  author={Soetedjo, Aryuanto and Ashari, M Ibrahim and Mahmudi, Ali and Nakhoda, Yusuf Ismail},
  booktitle={Electrical Engineering and Computer Science (ICEECS), 2014 International Conference on},
  pages={7--11},
  year={2014},
  organization={IEEE}
}

@article{islam2014raspberry,
  title={Raspberry Pi and image processing based electronic voting machine (EVM)},
  author={Islam, Md Maminul and Azad, Md Sharif Uddin and Alam, Md Asfaqul and Hassan, Nazmul},
  journal={International Journal of Scientific \& Engineering Research},
  volume={5},
  number={1},
  pages={1506--1510},
  year={2014}
}

@mastersthesis{gomez2014sistemas,
  title={Sistemas de sensores inteligentes para detecci{\'o}n de autom{\'o}viles},
  author={G{\'o}mez Fern{\'a}ndez, Daniel},
  type={{B.S.} thesis},
  year={2014}
}

